<?xml version="1.0" encoding="utf-8"?>
<record xmlns="http://www.loc.gov/MARC21/slim" xmlns:xsi="http://www.w3.org/2001/XMLSchema-instance" xsi:schemaLocation="http://www.loc.gov/MARC21/slim http://www.loc.gov/standards/marcxml/schema/MARC21slim.xsd">
	<leader>     nam a22        4500</leader>
	<controlfield tag="001">3080223</controlfield>
	<controlfield tag="003">NNC</controlfield>
	<controlfield tag="006">m        d        </controlfield>
	<controlfield tag="007">cr cn |||m|||a</controlfield>
	<controlfield tag="008">150723q19041905ua      o     000 0 ara d</controlfield>
	<datafield ind1=" " ind2=" " tag="040">
		<subfield code="a">NNU</subfield>
		<subfield code="b">eng</subfield>
		<subfield code="e">rda</subfield>
		<subfield code="c">NNU</subfield>
	</datafield>
	<datafield ind1=" " ind2="4" tag="050">
		<subfield code="a">BP165.5</subfield>
		<subfield code="b">.I39 1904</subfield>
	</datafield>
	<datafield ind1="1" ind2=" " tag="100">
		<subfield code="6">880-01</subfield>
		<subfield code="a">Siyālkūtī, ʻAbd al-Ḥakīm ibn Shams al-Dīn,</subfield>
		<subfield code="d">-1656.</subfield>
	</datafield>
	<datafield ind1="1" ind2="0" tag="245">
		<subfield code="6">880-02</subfield>
		<subfield code="a">Ḥāshiyatay al-ʻallāmah al-muḥaqqiq ʻAbd al-Ḥakīm al-Siyālkūtī wa-al-ʻallāmah al-mudaqqiq faḍīltlū al-Shaykh Muḥammad ʻAbduh muftī al-diyār al-Miṣrīyah kilāhumā ʻalā Sharḥ al-Imām al-Fāḍil al-Mūlá Muḥammad ibn ʻAsʻad al-Ṣiddiqī al-shahīr bi-al-Jalāl al-Dawānī ʻalá al-ʻAqāʻid al-ʻAḍudīyah. Wa-bi-hāmishihimā al-Sharḥ al-madhkūr</subfield>
	</datafield>
	<datafield ind1="3" ind2="0" tag="246">
		<subfield code="6">880-03</subfield>
		<subfield code="a">ʻAqāʻid al-ʻAḍudīyah</subfield>
	</datafield>
	<datafield ind1=" " ind2=" " tag="250">
		<subfield code="6">880-04</subfield>
		<subfield code="a">Al-ṭabʻah 1.</subfield>
	</datafield>
	<datafield ind1=" " ind2=" " tag="260">
		<subfield code="6">880-05</subfield>
		<subfield code="a">al-Qāhirah :</subfield>
		<subfield code="b">al-Maṭbaʻah al-Khayrīyah,</subfield>
		<subfield code="c">1322 [1905]</subfield>
	</datafield>
	<datafield ind1=" " ind2=" " tag="300">
		<subfield code="a">online resource (212 pages)</subfield>
	</datafield>
	<datafield ind1=" " ind2=" " tag="336">
		<subfield code="a">text</subfield>
		<subfield code="2">rdacontent</subfield>
	</datafield>
	<datafield ind1=" " ind2=" " tag="337">
		<subfield code="a">computer</subfield>
		<subfield code="2">rdamedia</subfield>
	</datafield>
	<datafield ind1=" " ind2=" " tag="338">
		<subfield code="a">online resource</subfield>
		<subfield code="2">rdacarrier</subfield>
	</datafield>
	<datafield ind1=" " ind2=" " tag="500">
		<subfield code="a">Includes text of al-Ījī's al-ʻAqāʼid al-ʻAḍudīyah, each clause followed by the commentary on it by al-Dawānī and by Muḥammad ʻAbduh, with Siyālkūtī's super-commentary in the margin.</subfield>
	</datafield>
	<datafield ind1=" " ind2=" " tag="500">
		<subfield code="a">Part of the Arabic Collections Online (ACO) project, contributed by Columbia University Libraries.</subfield>
	</datafield>
	<datafield ind1=" " ind2=" " tag="533">
		<subfield code="a">Electronic reproduction.</subfield>
		<subfield code="b">New York, N.Y. :</subfield>
		<subfield code="c">New York University,</subfield>
		<subfield code="d">2015.</subfield>
		<subfield code="5">NNU</subfield>
	</datafield>
	<datafield ind1=" " ind2="0" tag="650">
		<subfield code="a">Islam</subfield>
		<subfield code="x">Doctrines</subfield>
		<subfield code="v">Early works to 1800.</subfield>
	</datafield>
	<datafield ind1="1" ind2="0" tag="600">
		<subfield code="6">880-06</subfield>
		<subfield code="a">Ījī, ʻAḍud al-Dīn ʻAbd al-Raḥmān ibn Aḥmad,</subfield>
		<subfield code="d">-1355?</subfield>
		<subfield code="t">ʻAḍudīyah.</subfield>
	</datafield>
	<datafield ind1="0" ind2="7" tag="630">
		<subfield code="a">ʻAḍudīyah (Ījī, ʻAḍud al-Dīn ʻAbd al-Raḥmān ibn Aḥmad)</subfield>
		<subfield code="2">fast</subfield>
		<subfield code="0">(OCoLC)fst01392948</subfield>
	</datafield>
	<datafield ind1=" " ind2="7" tag="650">
		<subfield code="a">Islam</subfield>
		<subfield code="x">Doctrines.</subfield>
		<subfield code="2">fast</subfield>
		<subfield code="0">(OCoLC)fst00979787</subfield>
	</datafield>
	<datafield ind1=" " ind2="7" tag="655">
		<subfield code="a">Early works.</subfield>
		<subfield code="2">fast</subfield>
		<subfield code="0">(OCoLC)fst01411636</subfield>
	</datafield>
	<datafield ind1="1" ind2=" " tag="700">
		<subfield code="6">880-07</subfield>
		<subfield code="a">Siyālkūtī, ʻAbd al-Ḥakīm ibn Shams al-Dīn,</subfield>
		<subfield code="d">-1656.</subfield>
	</datafield>
	<datafield ind1="1" ind2=" " tag="700">
		<subfield code="6">880-08</subfield>
		<subfield code="a">Dawwānī, Muḥammad ibn Asʻad,</subfield>
		<subfield code="d">1426 or 1427-1512 or 1513.</subfield>
	</datafield>
	<datafield ind1="0" ind2=" " tag="700">
		<subfield code="6">880-09</subfield>
		<subfield code="a">Muḥammad ʻAbduh,</subfield>
		<subfield code="d">1849-1905.</subfield>
	</datafield>
	<datafield ind1="2" ind2=" " tag="710">
		<subfield code="a">Columbia University.</subfield>
		<subfield code="b">Libraries.</subfield>
	</datafield>
	<datafield ind1="0" ind2=" " tag="730">
		<subfield code="a">Arabic Collections Online.</subfield>
	</datafield>
	<datafield ind1="0" ind2="8" tag="776">
		<subfield code="i">Print version:</subfield>
		<subfield code="a">Siyālkūtī, ʻAbd al-Ḥakīm ibn Shams al-Dīn, -1656.</subfield>
		<subfield code="t">Ḥāshiyatay al-ʻallāmah al-muḥaqqiq ʻAbd al-Ḥakīm al-Siyālkūtī wa-al-ʻallāmah al-mudaqqiq faḍīltlū al-Shaykh Muḥammad ʻAbduh muftī al-diyār al-Miṣrīyah kilāhumā ʻalā Sharḥ al-Imām al-Fāḍil al-Mūlá Muḥammad ibn ʻAsʻad al-Ṣiddiqī al-shahīr bi-al-Jalāl al-Dawānī ʻalá al-ʻAqāʻid al-ʻAḍudīyah. Wa-bi-hāmishihimā al-Sharḥ al-madhkūr</subfield>
		<subfield code="w">(NNC)3080223</subfield>
		<subfield code="w">(OCoLC)43213909</subfield>
	</datafield>
	<datafield ind1="4" ind2="0" tag="856">
		<subfield code="u">http://hdl.handle.net/2333.1/sn02v9df</subfield>
	</datafield>
	<datafield ind1="1" ind2=" " tag="880">
		<subfield code="6">100-01</subfield>
		<subfield code="a">سيالكوتي، عبد الحكيم بن شمس الدين،</subfield>
		<subfield code="d">1656.</subfield>
	</datafield>
	<datafield ind1="1" ind2="0" tag="880">
		<subfield code="6">245-02</subfield>
		<subfield code="a">حاشيتي العلامة المحقق عبد الحكيم السيالكوتي والعلامة المدقق فضيلتلوا الشيخ محمد عبده مفتي الديار المصرية كلاهما على شرح الامام الفاضل المولى محمد بن عسعد الصدقي الشهير بالجلال الدواني على العقائد العضدية. وبهامشهما الشرح المذكور</subfield>
	</datafield>
	<datafield ind1="3" ind2="0" tag="880">
		<subfield code="6">246-03</subfield>
		<subfield code="a">عقائد العضدية</subfield>
	</datafield>
	<datafield ind1=" " ind2=" " tag="880">
		<subfield code="6">250-04</subfield>
		<subfield code="a">الطبعة 1.</subfield>
	</datafield>
	<datafield ind1=" " ind2=" " tag="880">
		<subfield code="6">260-05</subfield>
		<subfield code="a">القاهرة :</subfield>
		<subfield code="b">المطبعة الخيرية،</subfield>
		<subfield code="c">1322 [1905]</subfield>
	</datafield>
	<datafield ind1="1" ind2="4" tag="880">
		<subfield code="6">600-06</subfield>
		<subfield code="a">ايجي، عضد الدين عبد الرحمن بن احمد،</subfield>
		<subfield code="d">1355؟</subfield>
		<subfield code="t">عضدية.</subfield>
	</datafield>
	<datafield ind1="1" ind2=" " tag="880">
		<subfield code="6">700-07</subfield>
		<subfield code="a">سيالكوتي، عبد الحكيم بن شمس الدين،</subfield>
		<subfield code="d">-1656.</subfield>
	</datafield>
	<datafield ind1="1" ind2=" " tag="880">
		<subfield code="6">700-08</subfield>
		<subfield code="a">دواني، محمد بن اسعد،</subfield>
		<subfield code="d">1426 or 1427-1512 or 1513.</subfield>
	</datafield>
	<datafield ind1="0" ind2=" " tag="880">
		<subfield code="6">700-09</subfield>
		<subfield code="a">محمد عبده،</subfield>
		<subfield code="d">1849-1905.</subfield>
	</datafield>
	<datafield ind1=" " ind2=" " tag="959">
		<subfield code="a">NNU</subfield>
		<subfield code="b">WEB</subfield>
		<subfield code="c">GENI</subfield>
		<subfield code="t">0</subfield>
		<subfield code="m">Electronic access</subfield>
		<subfield code="s">01</subfield>
	</datafield>
	<datafield ind1=" " ind2=" " tag="999">
		<subfield code="i">NNC_3080223</subfield>
		<subfield code="o">(OCoLC)ocm43213909</subfield>
		<subfield code="s">columbia_aco000668</subfield>
		<subfield code="e">(ERROR-880)</subfield>
		<subfield code="s">columbia_aco000668</subfield>
	</datafield>
</record>
